<?xml version="1.0" encoding="UTF-8"?><record xmlns="http://www.loc.gov/MARC21/slim" xmlns:cinclude="http://apache.org/cocoon/include/1.0" xmlns:zs="http://www.loc.gov/zing/srw/">
  <leader>00910cz  a2200217n  4500</leader>
  <controlfield tag="001">n  86713512 </controlfield>
  <controlfield tag="003">DLC</controlfield>
  <controlfield tag="005">19930309062608.2</controlfield>
  <controlfield tag="008">890504n| acaaaaaa|          |a ana      </controlfield>
  <datafield tag="010" ind1=" " ind2=" ">
    <subfield code="a">n  86713512 </subfield>
  </datafield>
  <datafield tag="040" ind1=" " ind2=" ">
    <subfield code="a">DLC</subfield>
    <subfield code="c">DLC</subfield>
    <subfield code="d">DLC</subfield>
    <subfield code="d">MiU</subfield>
  </datafield>
  <datafield tag="130" ind1=" " ind2="0">
    <subfield code="a">Abhandlungen des Geographischen Instituts, Anthropogeographie.</subfield>
    <subfield code="p">Sonderhefte</subfield>
  </datafield>
  <datafield tag="410" ind1="2" ind2="0">
    <subfield code="a">Freie Universität Berlin.</subfield>
    <subfield code="b">Institut für Anthropogeographie, Angewandte Geographie und Kartographie.</subfield>
    <subfield code="t">Abhandlungen des Geographischen Instituts, Anthropogeographie.</subfield>
    <subfield code="p">Sonderhefte</subfield>
  </datafield>
  <datafield tag="530" ind1=" " ind2="0">
    <subfield code="w">b</subfield>
    <subfield code="a">Abhandlungen Anthropogeographie. </subfield>
    <subfield code="p"> Sonderheft</subfield>
  </datafield>
  <datafield tag="642" ind1=" " ind2=" ">
    <subfield code="a">Bd. 2</subfield>
    <subfield code="5">DLC</subfield>
  </datafield>
  <datafield tag="643" ind1=" " ind2=" ">
    <subfield code="a">Berlin</subfield>
    <subfield code="b">D. Reimer</subfield>
  </datafield>
  <datafield tag="644" ind1=" " ind2=" ">
    <subfield code="a">f</subfield>
    <subfield code="5">DLC</subfield>
  </datafield>
  <datafield tag="645" ind1=" " ind2=" ">
    <subfield code="a">t</subfield>
    <subfield code="5">DLC</subfield>
  </datafield>
  <datafield tag="646" ind1=" " ind2=" ">
    <subfield code="a">s</subfield>
    <subfield code="5">DLC</subfield>
  </datafield>
  <datafield tag="670" ind1=" " ind2=" ">
    <subfield code="a">Vollmar, R. Regionalpolitik in den USA, 1986:</subfield>
    <subfield code="b">ser. t.p.</subfield>
  </datafield>
  <datafield tag="675" ind1=" " ind2=" ">
    <subfield code="a">Krings, T.  Agrarwissen bäuerlicher Gruppen in Mali/Westafrika, c1992: t.p. (Abhandlungen Anthropogeographie, Sonderheft</subfield>
  </datafield>
</record>